@inproceedings{sample,
  title={Sample paper},
  author={Abcdef},
  year={2020},
  organization={Sp}
}
